@article{benson1999tandem,
  title={Tandem repeats finder: a program to analyze DNA sequences.},
  author={Benson, Gary},
  journal={Nucleic acids research},
  volume={27},
  number={2},
  pages={573},
  year={1999},
  publisher={Oxford University Press}
}

@article{edgar2004muscle,
  title={MUSCLE: multiple sequence alignment with high accuracy and high throughput},
  author={Edgar, Robert C},
  journal={Nucleic acids research},
  volume={32},
  number={5},
  pages={1792--1797},
  year={2004},
  publisher={Oxford Univ Press}
}

@article{bilinski2014diversity,
  title={Diversity and evolution of centromere repeats in the maize genome},
  author={Bilinski, Paul and Distor, Kevin and Gutierrez-Lopez, Jose and Mendoza, Gabriela Mendoza and Shi, Jinghua and Dawe, R Kelly and Ross-Ibarra, Jeffrey},
  journal={Chromosoma},
  pages={1--9},
  year={2014},
  publisher={Springer}
}

@article{wu2012phylogeny,
  title={The phylogeny of the BEP clade in grasses revisited: Evidence from the whole-genome sequences of chloroplasts},
  author={Wu, Zhi-Qiang and Ge, Song},
  journal={Molecular Phylogenetics and Evolution},
  volume={62},
  number={1},
  pages={573--578},
  year={2012},
  publisher={Elsevier}
}

@article{melters2013comparative,
  title={Comparative analysis of tandem repeats from hundreds of species reveals unique insights into centromere evolution},
  author={Melters, Dani{\"e}l P and Bradnam, Keith R and Young, Hugh A and Telis, Natalie and May, Michael R and Ruby, J Graham and Sebra, Robert and Peluso, Paul and Eid, John and Rank, David and others},
  journal={Genome Biol},
  volume={14},
  number={1},
  pages={R10},
  year={2013}
}

@article{kagansky2009synthetic,
  title={Synthetic heterochromatin bypasses RNAi and centromeric repeats to establish functional centromeres},
  author={Kagansky, Alexander and Folco, Hernan Diego and Almeida, Ricardo and Pidoux, Alison L and Boukaba, Abdelhalim and Simmer, Femke and Urano, Takeshi and Hamilton, Georgina L and Allshire, Robin C},
  journal={Science},
  volume={324},
  number={5935},
  pages={1716--1719},
  year={2009},
  publisher={American Association for the Advancement of Science}
}

@article{stephan1986recombination,
  title={Recombination and the evolution of satellite DNA},
  author={Stephan, Wolfgang},
  journal={Genetical research},
  volume={47},
  number={03},
  pages={167--174},
  year={1986},
  publisher={Cambridge Univ Press}
}

@article{williamson1983transposable,
  title={Transposable elements in yeast},
  author={Williamson, Valerie Moroz},
  journal={International review of cytology},
  volume={83},
  pages={1--25},
  year={1983},
  publisher={Academic Press}
}

@article{weil1993molecular,
  title={Molecular evidence that chromosome breakage by Ds elements is caused by aberrant transposition.},
  author={Weil, Clifford F and Wessler, Susan R},
  journal={The Plant Cell Online},
  volume={5},
  number={5},
  pages={515--522},
  year={1993},
  publisher={Am Soc Plant Biol}
}

@article{mcclintock1946maize,
  title={Maize genetics},
  author={McClintock, Barbara},
  journal={Carnegie Inst Washington Year Book},
  volume={45},
  pages={176--186},
  year={1946}
}

@article{studer2011identification,
  title={Identification of a functional transposon insertion in the maize domestication gene tb1},
  author={Studer, Anthony and Zhao, Qiong and Ross-Ibarra, Jeffrey and Doebley, John},
  journal={Nature genetics},
  volume={43},
  number={11},
  pages={1160--1163},
  year={2011},
  publisher={Nature Publishing Group}
}

@article{rudd2004analysis,
  title={Analysis of the centromeric regions of the human genome assembly},
  author={Rudd, M Katharine and Willard, Huntington F},
  journal={Trends in genetics},
  volume={20},
  number={11},
  pages={529--533},
  year={2004},
  publisher={Elsevier}
}

@article{dennis1984knob,
  title={Knob heterochromatin homology in maize and its relatives},
  author={Dennis, ES and Peacock, WJ},
  journal={Journal of molecular evolution},
  volume={20},
  number={3-4},
  pages={341--350},
  year={1984},
  publisher={Springer}
}

@article{huang2008genome,
  title={Genome-wide analysis of transposon insertion polymorphisms reveals intraspecific variation in cultivated rice},
  author={Huang, Xuehui and Lu, Guojun and Zhao, Qiang and Liu, Xiaohui and Han, Bin},
  journal={Plant physiology},
  volume={148},
  number={1},
  pages={25--40},
  year={2008},
  publisher={Am Soc Plant Biol}
}

@article{bennett2004natural,
  title={Natural genetic variation caused by transposable elements in humans},
  author={Bennett, E Andrew and Coleman, Laura E and Tsui, Circe and Pittard, W Stephen and Devine, Scott E},
  journal={Genetics},
  volume={168},
  number={2},
  pages={933--951},
  year={2004},
  publisher={Genetics Soc America}
}

@article{swanson2010pervasive,
  title={Pervasive gene content variation and copy number variation in maize and its undomesticated progenitor},
  author={Swanson-Wagner, Ruth A and Eichten, Steven R and Kumari, Sunita and Tiffin, Peter and Stein, Joshua C and Ware, Doreen and Springer, Nathan M},
  journal={Genome research},
  volume={20},
  number={12},
  pages={1689--1699},
  year={2010},
  publisher={Cold Spring Harbor Lab}
}

@article{lander2001initial,
  title={Initial sequencing and analysis of the human genome},
  author={Lander, Eric S and Linton, Lauren M and Birren, Bruce and Nusbaum, Chad and Zody, Michael C and Baldwin, Jennifer and Devon, Keri and Dewar, Ken and Doyle, Michael and FitzHugh, William and others},
  journal={Nature},
  volume={409},
  number={6822},
  pages={860--921},
  year={2001},
  publisher={Nature Publishing Group}
}

@article{greilhuber1998intraspecific,
  title={Intraspecific variation in genome size: a critical reassessment},
  author={Greilhuber, J},
  journal={Annals of Botany},
  volume={82},
  number={suppl 1},
  pages={27--35},
  year={1998},
  publisher={Annals Botany Co}
}

@article{ionita2009genetic,
  title={Genetic association analysis of copy-number variation (CNV) in human disease pathogenesis},
  author={Ionita-Laza, Iuliana and Rogers, Angela J and Lange, Christoph and Raby, Benjamin A and Lee, Charles},
  journal={Genomics},
  volume={93},
  number={1},
  pages={22--26},
  year={2009},
  publisher={Elsevier}
}

@article{schmidt2010copy,
  title={Copy number variation and transposable elements feature in recent, ongoing adaptation at the Cyp6g1 locus},
  author={Schmidt, Joshua M and Good, Robert T and Appleton, Belinda and Sherrard, Jayne and Raymant, Greta C and Bogwitz, Michael R and Martin, Jon and Daborn, Phillip J and Goddard, Mike E and Batterham, Philip and others},
  journal={PLoS genetics},
  volume={6},
  number={6},
  pages={e1000998},
  year={2010},
  publisher={Public Library of Science}
}

@article{jones2012genomic,
  title={The genomic basis of adaptive evolution in threespine sticklebacks},
  author={Jones, Felicity C and Grabherr, Manfred G and Chan, Yingguang Frank and Russell, Pamela and Mauceli, Evan and Johnson, Jeremy and Swofford, Ross and Pirun, Mono and Zody, Michael C and White, Simon and others},
  journal={Nature},
  volume={484},
  number={7392},
  pages={55--61},
  year={2012},
  publisher={Nature Publishing Group}
}

@Article{Chia2012,author = {Chia, Jer-Ming and Song, Chi and Bradbury, Peter J and Costich, Denise and de, Leon, Natalia and Doebley, John and Elshire, Robert J and Gaut, Brandon and Geller, Laura and Glaubitz, Jeffrey C}, title = {Maize HapMap2 identifies extant variation from a genome in flux}, journal = {Nature genetics}, volume = {44}, number = {7}, pages = {803-807}, year = {2012}, abstract = {}, location = {}, keywords = {}}

@article{li2009fast,
  title={Fast and accurate short read alignment with Burrows--Wheeler transform},
  author={Li, Heng and Durbin, Richard},
  journal={Bioinformatics},
  volume={25},
  number={14},
  pages={1754--1760},
  year={2009},
  publisher={Oxford Univ Press}
}

@article{baucom2009exceptional,
  title={Exceptional diversity, non-random distribution, and rapid evolution of retroelements in the B73 maize genome},
  author={Baucom, Regina S and Estill, James C and Chaparro, Cristian and Upshaw, Naadira and Jogi, Ansuya and Deragon, Jean-Marc and Westerman, Richard P and SanMiguel, Phillip J and Bennetzen, Jeffrey L},
  journal={PLoS Genetics},
  volume={5},
  number={11},
  pages={e1000732},
  year={2009},
  publisher={Public Library of Science}
}

@article{diez2013genome,
  title={Genome size variation in wild and cultivated maize along altitudinal gradients},
  author={D{\'\i}ez, Concepci{\'o}n M and Gaut, Brandon S and Meca, Esteban and Scheinvar, Enrique and Montes-Hernandez, Salvador and Eguiarte, Luis E and Tenaillon, Maud I},
  journal={New Phytologist},
  volume={199},
  number={1},
  pages={264--276},
  year={2013},
  publisher={Wiley Online Library}
}

@Article{Schnable2009,author = {Schnable, Patrick S and Ware, Doreen and Fulton, Robert S and Stein, Joshua C and Wei, Fusheng and Pasternak, Shiran and Liang, Chengzhi and Zhang, Jianwei and Fulton, Lucinda and Graves, Tina A}, title = {The B73 maize genome: complexity, diversity, and dynamics}, journal = {science}, volume = {326}, number = {5956}, pages = {1112-1115}, year = {2009}, abstract = {}, location = {}, keywords = {}}